%containing a complete list of books and other publications that are either explicitly referred to in the text, or which are recommended for further reading on the topic

@book{cormen2009introduction,
  title={Introduction to algorithms},
  author={Cormen, Thomas H},
  year={2009},
  publisher={MIT press}
}

@online{optimalKernel,
    author="Sabyasachi Sahoo",
    title="Deciding Optimal Kernel Size for CNN",
    url = "https://towardsdatascience.com/deciding-optimal-filter-size-for-cnns-d6f7b56f9363",
    addendum="(accessed: 20.03.2020)"
}